[gd_scene load_steps=14 format=3 uid="uid://cwohw3mbqw66b"]

[ext_resource type="Script" path="res://object/ui_main/main_covid_ui.gd" id="1_3mkn5"]
[ext_resource type="Texture2D" uid="uid://5akjnaunyjy7" path="res://images/coronavirus_spriteanimation/classic/coronavirus-classic-hit_00.png" id="2_7tv4b"]
[ext_resource type="Texture2D" uid="uid://hb0fdhqqhpkc" path="res://images/coronavirus_spriteanimation/classic/coronavirus-classic-hit_01.png" id="3_kdm1p"]
[ext_resource type="Texture2D" uid="uid://dgt77wkxb8xup" path="res://images/coronavirus_spriteanimation/classic/coronavirus-classic-hit_02.png" id="4_lxweh"]
[ext_resource type="Texture2D" uid="uid://d1h1ccrl0exqg" path="res://images/coronavirus_spriteanimation/classic/coronavirus-classic-hit_03.png" id="5_ksom4"]
[ext_resource type="Texture2D" uid="uid://p6x2qsxe8nw5" path="res://images/coronavirus_spriteanimation/classic/coronavirus-classic-hit_04.png" id="6_factp"]
[ext_resource type="Texture2D" uid="uid://c2xuoupp6pt3p" path="res://images/coronavirus_spriteanimation/classic/coronavirus-classic-hit_05.png" id="7_0hpu1"]
[ext_resource type="Texture2D" uid="uid://cua50opxisqd3" path="res://images/coronavirus_spriteanimation/classic/coronavirus-classic-hit_06.png" id="8_yhj1x"]
[ext_resource type="Texture2D" uid="uid://bko3sbd1xjs2k" path="res://images/coronavirus_spriteanimation/classic/coronavirus-classic-hit_08.png" id="9_sncqc"]
[ext_resource type="Texture2D" uid="uid://cn4782id8if62" path="res://images/coronavirus_spriteanimation/classic/coronavirus-classic-hit_09.png" id="10_6dtd7"]

[sub_resource type="Animation" id="Animation_bee44"]
length = 0.001
tracks/0/type = "value"
tracks/0/imported = false
tracks/0/enabled = true
tracks/0/path = NodePath("Coronavirus-classic-hit00:texture")
tracks/0/interp = 1
tracks/0/loop_wrap = true
tracks/0/keys = {
"times": PackedFloat32Array(0),
"transitions": PackedFloat32Array(1),
"update": 1,
"values": [ExtResource("2_7tv4b")]
}

[sub_resource type="Animation" id="Animation_pod6p"]
resource_name = "covid"
length = 0.9
tracks/0/type = "value"
tracks/0/imported = false
tracks/0/enabled = true
tracks/0/path = NodePath("Coronavirus-classic-hit00:texture")
tracks/0/interp = 1
tracks/0/loop_wrap = true
tracks/0/keys = {
"times": PackedFloat32Array(0, 0.1, 0.2, 0.3, 0.4, 0.5, 0.6, 0.7, 0.8),
"transitions": PackedFloat32Array(1, 1, 1, 1, 1, 1, 1, 1, 1),
"update": 1,
"values": [ExtResource("2_7tv4b"), ExtResource("3_kdm1p"), ExtResource("4_lxweh"), ExtResource("5_ksom4"), ExtResource("6_factp"), ExtResource("7_0hpu1"), ExtResource("8_yhj1x"), ExtResource("9_sncqc"), ExtResource("10_6dtd7")]
}

[sub_resource type="AnimationLibrary" id="AnimationLibrary_a3an5"]
_data = {
"RESET": SubResource("Animation_bee44"),
"covid": SubResource("Animation_pod6p")
}

[node name="main_covid_ui" type="Node2D"]
script = ExtResource("1_3mkn5")

[node name="Coronavirus-classic-hit00" type="Sprite2D" parent="."]
texture = ExtResource("2_7tv4b")

[node name="AnimationPlayer" type="AnimationPlayer" parent="."]
libraries = {
"": SubResource("AnimationLibrary_a3an5")
}
